@inproceedings{ICSM_PotdarS14,
	title={An Exploratory Study on Self-Admitted Technical Debt},
	author={Potdar, Aniket and Shihab, Emad},
	booktitle={Software Maintenance and Evolution (ICSME), 2014 IEEE International Conference on},
	pages={91--100},
	year={2014},
	organization={IEEE}
}

@article{KimWZ08,
	author    = {Sunghun Kim and
	E. James Whitehead Jr. and
	Yi Zhang},
	title     = {Classifying Software Changes: Clean or Buggy?},
	journal   = {{IEEE} Trans. Software Eng.},
	volume    = {34},
	number    = {2},
	pages     = {181--196},
	year      = {2008}
}
@book{R,
	title        = {{R}: A Language and Environment for Statistical
	Computing},
	author       = {{R Core Team}},
	organization = {R Foundation for Statistical Computing},
	address      = {Vienna, Austria},
	year         = 2012,
	note         = {{ISBN} 3-900051-07-0},
	url          = {http://www.R-project.org}
}


@book{fowler1999refactoring,
	title={Refactoring: Improving the Design of Existing Code},
	author={Fowler, M. and Beck, K.},
	isbn={9780201485677},
	lccn={99020765},
	series={Component software series},
	url={https://books.google.ca/books?id=1MsETFPD3I0C},
	year={1999},
	publisher={Addison-Wesley}
}


@book{grissom2005effect,
	title={Effect sizes for research: A broad practical approach.},
	author={Grissom, Robert J and Kim, John J},
	year={2005},
	publisher={Lawrence Erlbaum Associates Publishers}
}



@book{Cliff:2005,
	Author = {Robert J. Grissom and John J. Kim},
	Date-Added = {2009-02-19 19:12:24 +0100},
	Date-Modified = {2009-02-19 19:12:24 +0100},
	Edition = {2nd Edition},
	Publisher = {Lawrence Earlbaum Associates},
	Title = {Effect sizes for research: A broad practical approach},
	Year = {2005}}

@inproceedings{Khamis:2010,
	author = {Khamis, Ninus and Witte, Ren{\'e} and Rilling, Juergen},
	title = {Automatic Quality Assessment of Source Code Comments: The JavadocMiner},
	booktitle = {Proceedings of the 15th International Conference  on Applications of Natural Language to Information Systems},
	year = {2010},
	pages = {68--79},
	numpages = {12}
}

@inproceedings{marinescu2004detection,
	title={Detection strategies: Metrics-based rules for detecting design flaws},
	author={Marinescu, Radu},
	booktitle={Software Maintenance, 2004. Proceedings. 20th IEEE International Conference on},
	pages={350--359},
	year={2004},
	organization={IEEE}
}


@inproceedings{tan07icomment,
	author = "Lin Tan and Ding Yuan and Gopal Krishna and Yuanyuan Zhou",
	title  = "/* i{C}omment: {B}ugs or Bad Comments? */",
	booktitle = "Proceedings of the 21st ACM Symposium on Operating Systems Principles (SOSP07)",
	month  = "October",
	year   = "2007",
}

@article{fitzpatrick1996software,
	title={Software quality: definitions and strategic issues},
	author={Fitzpatrick, Ronan},
	journal={Reports},
	pages={1},
	year={1996}
} 

@inproceedings{tcomment,
	author = {Shin Hwei Tan and Darko Marinov and Lin Tan and Gary T. Leavens},
	title = {{@tComment}: {T}esting Javadoc Comments to Detect Comment-Code Inconsistencies},
	booktitle = {Proceedings of the 5th International Conference on Software Testing, Verification and Validation (ICST)},
	month  = {April},
	year   = {2012},
}

@inproceedings{GuoSGCTSSS11,
author={Y. Guo and C. Seaman and R. Gomes and A. Cavalcanti and G. Tonin and F. Q. B. Da Silva and A. L. M. Santos and C. Siebra}, 
booktitle={2011 27th IEEE International Conference on Software Maintenance (ICSM)}, 
title={An exploratory case study Tracking Technical Debt}, 
year={2011}, 
pages={528-531}, 
keywords={financial management;project management;software maintenance;software management;project outcomes;software maintenance task;software projects;technical debt management;technical debt metaphor;technical debt tracking;Decision making;Delay;Maintenance engineering;Protocols;Software maintenance;Switches;decision making;software maintenance;technical debt}, 
doi={10.1109/ICSM.2011.6080824}, 
ISSN={1063-6773}, 
month={Sept},
}




@inproceedings{acomment,
	author = {Lin Tan and Yuanyuan Zhou and Yoann Padioleau},
	title = {{aComment}: {M}ining Annotations from Comments and Code to Detect Interrupt-Related Concurrency Bugs},
	booktitle = {Proceedings of the 33rd International Conference on Software Engineering (ICSE11)},
	month  = {May},
	year   = {2011},
}

@inproceedings{mantyla2003taxonomy,
	title={A taxonomy and an initial empirical study of bad smells in code},
	author={Mantyla, Mika and Vanhanen, Jari and Lassenius, Casper},
	booktitle={Software Maintenance, 2003. ICSM 2003. Proceedings. International Conference on},
	pages={381--384},
	year={2003},
	organization={IEEE}
}

@inproceedings{mantyla2004bad,
	title={Bad smells-humans as code critics},
	author={Mantyla, Mika V and Vanhanen, Jari and Lassenius, Casper},
	booktitle={Software Maintenance, 2004. Proceedings. 20th IEEE International Conference on},
	pages={399--408},
	year={2004},
	organization={IEEE}
}

@article{Bieman:1995:CRO:223427.211856,
	author = {Bieman, James M. and Kang, Byung-Kyoo},
	title = {Cohesion and Reuse in an Object-oriented System},
	journal = {SIGSOFT Softw. Eng. Notes},
	issue_date = {Aug. 1995},
	volume = {20},
	number = {SI},
	month = aug,
	year = {1995},
	issn = {0163-5948},
	pages = {259--262},
	numpages = {4},
	url = {http://doi.acm.org/10.1145/223427.211856},
	doi = {10.1145/223427.211856},
	acmid = {211856},
	publisher = {ACM},
	address = {New York, NY, USA},
} 


@article{Chidamber_Kemerer_94, 
	author={S. R. Chidamber and C. F. Kemerer}, 
	journal={IEEE Transactions on Software Engineering}, 
	title={A metrics suite for object oriented design}, 
	year={1994}, 
	volume={20}, 
	number={6}, 
	pages={476-493}, 
	keywords={object-oriented methods;object-oriented programming;software metrics;automated data collection tool;measurement principles;metrics suite;object oriented design;object oriented programming;organization;process improvement;software development;software measures;Application software;Engineering management;Information management;Information technology;Ontologies;Programming;Software development management;Software engineering;Software measurement;Technology management}, 
	doi={10.1109/32.295895}, 
	ISSN={0098-5589}, 
	month={Jun},}

@inproceedings{Storey:2008,
	author = {Storey, Margaret-Anne and Ryall, Jody and Bull, R. Ian and Myers, Del and Singer, Janice},
	title = {TODO or to Bug: Exploring How Task Annotations Play a Role in the Work Practices of Software Developers},
	booktitle = {Proceedings of the 30th International Conference on Software Engineering},
	year = {2008},
	pages = {251--260},
	numpages = {10},
	keywords = {source code comments, task annotations, work practices},
}

@article{sliwerski-msr-2005,
	title={When do changes induce fixes?},
	author={{\'S}liwerski, Jacek and Zimmermann, Thomas and Zeller, Andreas},
	journal={ACM sigsoft software engineering notes},
	volume={30},
	number={4},
	pages={1--5},
	year={2005},
	publisher={ACM}
}


@article{lim2012balancing,
	title={A balancing act: what software practitioners have to say about technical debt},
	author={Lim, Erin and Taksande, Nitin and Seaman, Carolyn},
	journal={IEEE Software},
	volume={29},
	number={6},
	pages={22--27},
	year={2012},
	publisher={IEEE}
}


@article{kamei2013large,
	title={A large-scale empirical study of just-in-time quality assurance},
	author={Kamei, Yasutaka and Shihab, Emad and Adams, Bram and Hassan, Ahmed E and Mockus, Audris and Sinha, Aloka and Ubayashi, Naoyasu},
	journal={IEEE Transactions on Software Engineering},
	volume={39},
	number={6},
	pages={757--773},
	year={2013},
	publisher={IEEE}
}


@inproceedings{fluri2007code,
author={B. Fluri and M. Wursch and H. C. Gall}, 
booktitle={14th Working Conference on Reverse Engineering (WCRE 2007)}, 
title={Do Code and Comments Co-Evolve? On the Relation between Source Code and Comment Changes}, 
year={2007}, 
pages={70-79}, 
keywords={public domain software;reverse engineering;software maintenance;ArgoUML;Azureus;JDT Core;code evolution;comment change;open source systems;program maintenance;program understanding;software development;software system;source code change;Costs;Data mining;History;Informatics;Open source software;Reverse engineering;Software architecture;Software maintenance;Software systems;Taxonomy}, 
doi={10.1109/WCRE.2007.21}, 
ISSN={1095-1350}, 
month={Oct},
}


@inproceedings{malik2008understanding,
	title={Understanding the rationale for updating a functions comment},
	author={Malik, Haroon and Chowdhury, Istehad and Tsou, Hsiao-Ming and Jiang, Zhen Ming and Hassan, Ahmed E},
	booktitle={Software Maintenance, 2008. ICSM 2008. IEEE International Conference on},
	pages={167--176},
	year={2008},
	organization={IEEE}
}


@inproceedings{zazworka2011investigating,
	title={Investigating the impact of design debt on software quality},
	author={Zazworka, Nico and Shaw, Michele A and Shull, Forrest and Seaman, Carolyn},
	booktitle={Proceedings of the 2nd Workshop on Managing Technical Debt},
	pages={17--23},
	year={2011},
	organization={ACM}
}


@article{cunningham1993wycash,
 author = {Cunningham, Ward},
title = {The WyCash Portfolio Management System},
journal = {SIGPLAN OOPS Mess.},
issue_date = {April 1993},
volume = {4},
number = {2},
month = dec,
year = {1992},
issn = {1055-6400},
pages = {29--30},
numpages = {2},
url = {http://doi.acm.org/10.1145/157710.157715},
doi = {10.1145/157710.157715},
acmid = {157715},
publisher = {ACM},
address = {New York, NY, USA},
}

@inproceedings{McCabe_1976,
	author = {McCabe, Thomas J.},
	title = {A Complexity Measure},
	booktitle = {Proceedings of the 2Nd International Conference on Software Engineering},
	series = {ICSE '76},
	year = {1976},
	location = {San Francisco, California, USA},
	pages = {407--},
	url = {http://dl.acm.org/citation.cfm?id=800253.807712},
	acmid = {807712},
	publisher = {IEEE Computer Society Press},
	address = {Los Alamitos, CA, USA},
	keywords = {Basis, Complexity measure, Control flow, Decomposition, Graph theory, Independence, Linear, Modularization, Programming, Reduction, Software, Testing},
} 

@inproceedings{Marinescu_ICETOOLS, 
	author={R. Marinescu}, 
	booktitle={Proceedings 39th International Conference and Exhibition on Technology of Object-Oriented Languages and Systems. TOOLS 39}, 
	title={Detecting design flaws via metrics in object-oriented systems}, 
	year={2001}, 
	pages={173-182}, 
	keywords={object-oriented programming;program diagnostics;software metrics;systems re-engineering;business value;design problem detection;industrial case study;legacy systems reengineering;object-oriented systems;software design flaw detection;software maintenance;software metrics;system development;Computer industry;Computer science;Concrete;Employment;Encapsulation;Intelligent systems;Large-scale systems;Power generation economics;Software systems;Vents}, 
	doi={10.1109/TOOLS.2001.941671}, 
	ISSN={1530-2067}, 
	month={},
}


@inproceedings{Marinescu_PhD, 
	author={R. Marinescu}, 
	booktitle={21st IEEE International Conference on Software Maintenance (ICSM'05)}, 
	title={Measurement and quality in object-oriented design}, 
	year={2005}, 
	pages={701-704}, 
	keywords={object-oriented methods;object-oriented programming;software maintenance;software metrics;design flaw;factor-strategy quality model;object-oriented design measurement;object-oriented design quality;object-oriented software system maintenance;software metrics;Computer industry;Design engineering;Humans;Object oriented modeling;Process design;Software design;Software maintenance;Software measurement;Software quality;Software systems}, 
	doi={10.1109/ICSM.2005.63}, 
	ISSN={1063-6773}, 
	month={Sept},
}


@inproceedings{Marinescu_ICSM04,
	author = {R. Marinescu},
	title = {Detection Strategies: Metrics-Based Rules for Detecting Design Flaws},
	booktitle = {Proceedings of the 20th IEEE International Conference on Software Maintenance},
	series = {ICSM '04},
	year = {2004},
	isbn = {0-7695-2213-0},
	pages = {350--359},
	numpages = {10},
	url = {http://dl.acm.org/citation.cfm?id=1018431.1021443},
	acmid = {1021443},
	publisher = {IEEE Computer Society},
	address = {Washington, DC, USA},
	keywords = {metrics, object-oriented design, design flaws, quality assurance, design heuristics},
} 

@article{Marinescu_IBM_JRD, 
	author={R. Marinescu}, 
	journal={IBM Journal of Research and Development}, 
	title={Assessing technical debt by identifying design flaws in software systems}, 
	year={2012}, 
	volume={56}, 
	number={5}, 
	pages={9:1-9:13}, 
	keywords={Complexity theory;Cost benefit analysis;Design methodology;Maintenance engineering;Product development;Software systems;Systematics;Time to market}, 
	doi={10.1147/JRD.2012.2204512}, 
	ISSN={0018-8646}, 
	month={Sept},
}

@book{lanza2007object,
	title={Object-Oriented Metrics in Practice: Using Software Metrics to Characterize, Evaluate, and Improve the Design of Object-Oriented Systems},
	author={Lanza, M. and Ducasse, S. and Marinescu, R.},
	isbn={9783540395386},
	url={https://books.google.ca/books?id=gdLbgnaMaa0C},
	year={2007},
	publisher={Springer Berlin Heidelberg}
}



@online{mcconnell,
	author = {Steve McConnell},
	title = {Technical Debt},
	year = 2007,
	url = {http://www.construx.com/10x_Software_Development/Technical_Debt/},
	urldate = {2017-02-14}
}

@online{fowler,
	author = {Martin Fowler},
	title = {Technical Debt Quadrant},
	year = 2007,
	url = {https://martinfowler.com/bliki/TechnicalDebtQuadrant.html},
	urldate = {2017-02-14}
}


@inproceedings{hassan2009predicting,
	title={Predicting faults using the complexity of code changes},
	author={Hassan, Ahmed E},
	booktitle={Proceedings of the 31st International Conference on Software Engineering},
	pages={78--88},
	year={2009},
	organization={IEEE Computer Society}
}



@article{falessi2014technical,
	title={Technical debt at the crossroads of research and practice: report on the fifth international workshop on managing technical debt},
	author={Falessi, Davide and Kruchten, Philippe and Nord, Robert L and Ozkaya, Ipek},
	journal={ACM SIGSOFT Software Engineering Notes},
	volume={39},
	number={2},
	pages={31--33},
	year={2014},
	publisher={ACM}
}


@article{seaman2015technical,
	title={Technical Debt: Beyond Definition to Understanding Report on the Sixth International Workshop on Managing Technical Debt},
	author={Seaman, Carolyn and Nord, Robert L and Kruchten, Philippe and Ozkaya, Ipek},
	journal={ACM SIGSOFT Software Engineering Notes},
	volume={40},
	number={2},
	pages={32--34},
	year={2015},
	publisher={ACM}
}

@article{Kamei-tse-2013,
	author = {Kamei, Yasutaka and Shihab, Emad and Adams, Bram and Hassan, Ahmed E. and Mockus, Audris and Sinha, Anand and Ubayashi, Naoyasu},
	journal = {IEEE Trans. Software Eng.},
	keywords = {dblp},
	number = 6,
	pages = {757-773},
	title = {A Large-Scale Empirical Study of Just-in-Time Quality Assurance.},
	volume = 39,
	year = 2013
}


@article{Kim-tse-2008,
	author = {Kim, Sunghun and Whitehead,Jr., E. James and Zhang, Yi},
	title = {Classifying Software Changes: Clean or Buggy?},
	journal = {IEEE Trans. Softw. Eng.},
	issue_date = {March 2008},
	volume = {34},
	number = {2},
	year = {2008},
	pages = {181--196},
	numpages = {16}
	
}

@article{Sliwerski-fse-2005,
	author = {\'{S}liwerski, Jacek and Zimmermann, Thomas and Zeller, Andreas},
	title = {When Do Changes Induce Fixes?},
	journal = {SIGSOFT Softw. Eng. Notes},
	volume = {30},
	number = {4},
	month = may,
	year = {2005},
	issn = {0163-5948},
	pages = {1--5}
}

@inproceedings{Bavota-scam-2012,
	author = {Bavota, Gabriele and De Carluccio, Bernardino and De Lucia, Andrea and Di Penta, Massimiliano and Oliveto, Rocco and Strollo, Orazio},
	title = {When Does a Refactoring Induce Bugs? An Empirical Study},
	booktitle = {Proceedings of the 2012 IEEE 12th International Working Conference on Source Code Analysis and Manipulation},
	series = {SCAM '12},
	year = {2012},
	isbn = {978-0-7695-4783-1},
	pages = {104--113},
	numpages = {10}
}

@inproceedings{Eyolfson-msr-2011,
	author = {Eyolfson, Jon and Tan, Lin and Lam, Patrick},
	title = {Do Time of Day and Developer Experience Affect Commit Bugginess?},
	booktitle = {Proceedings of the 8th Working Conference on Mining Software Repositories},
	year = {2011},
	isbn = {978-1-4503-0574-7},
	pages = {153--162},
	numpages = {10}
	
}

@inproceedings{Nagappan-icse-2005,
	author = {Nagappan, Nachiappan and Ball, Thomas},
	title = {Use of Relative Code Churn Measures to Predict System Defect Density},
	booktitle = {Proceedings of the 27th International Conference on Software Engineering},
	year = {2005},
	
	pages = {284--292},
	numpages = {9}
	
}

@inproceedings{Jiang-promise-2008,
	author = {Jiang, Yue and Cuki, Bojan and Menzies, Tim and Bartlow, Nick},
	title = {Comparing Design and Code Metrics for Software Quality Prediction},
	booktitle = {Proceedings of the 4th International Workshop on Predictor Models in Software Engineering},
	series = {PROMISE '08},
	year = {2008},
	pages = {11--18},
	numpages = {8}
	
}

@inproceedings{Moser-icse-2008,
	author = {Moser, Raimund and Pedrycz, Witold and Succi, Giancarlo},
	title = {A Comparative Analysis of the Efficiency of Change Metrics and Static Code Attributes for Defect Prediction},
	booktitle = {Proceedings of the 30th International Conference on Software Engineering},
	series = {ICSE '08},
	year = {2008},
	pages = {181--190},
	numpages = {10},
	
}

@inproceedings{Yin-fse-2011,
	author = {Yin, Zuoning and Yuan, Ding and Zhou, Yuanyuan and Pasupathy, Shankar and Bairavasundaram, Lakshmi},
	title = {How Do Fixes Become Bugs?},
	booktitle = {Proceedings of the 19th ACM SIGSOFT Symposium and the 13th European Conference on Foundations of Software Engineering},
	year = {2011},
	pages = {26--36},
	numpages = {11}
	
}

@inproceedings{Bird-fse-2011,
	author = {Bird, Christian and Nagappan, Nachiappan and Murphy, Brendan and Gall, Harald and Devanbu, Premkumar},
	title = {Don'T Touch My Code!: Examining the Effects of Ownership on Software Quality},
	booktitle = {Proceedings of the 19th ACM SIGSOFT Symposium and the 13th European Conference on Foundations of Software Engineering},
	year = {2011},
	pages = {4--14},
	numpages = {11}
	
}

@inproceedings{Matsumoto-promise-2010(b),
	author = {Matsumoto, Shinsuke and Kamei, Yasutaka and Monden, Akito and Matsumoto, Ken-ichi and Nakamura, Masahide},
	title = {An Analysis of Developer Metrics for Fault Prediction},
	booktitle = {Proceedings of the 6th International Conference on Predictive Models in Software Engineering},
	year = {2010},
	pages = {18:1--18:9},
	numpages = {9}
}


@article{Graves-tse-2000,
	author = {Graves, Todd L. and Karr, Alan F. and Marron, J. S. and Siy, Harvey},
	title = {Predicting Fault Incidence Using Software Change History},
	journal = {IEEE Trans. Softw. Eng.},
	volume = {26},
	number = {7},
	year = {2000},
	pages = {653--661},
	numpages = {9}
	
}


@InProceedings{ICSME15p111,
	author    = {Oleksii Kononenko and Olga Baysal and Latifa Guerrouj and Yaxin Cao and Michael W. Godfrey},
	title     = {Investigating Code Review Quality: Do People and Participation Matter?},
	booktitle = {Proceedings of the31st International Conference on Software Maintenance and Evolution (ICSME)},
	pages     = {111--120},
	year      = {2015},
}
@inproceedings{Rahman-icse-2013,
	author = {Rahman, Foyzur and Devanbu, Premkumar},
	title = {How, and Why, Process Metrics Are Better},
	booktitle = {Proceedings of the 2013 International Conference on Software Engineering},
	series = {ICSE '13},
	year = {2013},
	pages = {432--441},
	numpages = {10},
}

@inproceedings{Hassan-icse-2009,
	added-at = {2009-06-16T00:00:00.000+0200},
	author = {Hassan, Ahmed E.},
	biburl = {http://www.bibsonomy.org/bibtex/27521f11f48877dbe9bfb16481772258d/dblp},
	booktitle = {ICSE},
	crossref = {conf/icse/2009},
	date = {2009-06-16},
	description = {dblp},
	ee = {http://dx.doi.org/10.1109/ICSE.2009.5070510},
	interhash = {119187464e93c80ea4a4613ea5952857},
	intrahash = {7521f11f48877dbe9bfb16481772258d},
	isbn = {978-1-4244-3452-7},
	keywords = {dblp},
	pages = {78-88},
	publisher = {IEEE},
	timestamp = {2009-06-16T00:00:00.000+0200},
	title = {Predicting faults using the complexity of code changes.},
	url = {http://dblp.uni-trier.de/db/conf/icse/icse2009.html-Hassan09},
	year = 2009
}


@book{fischer2003analyzing,
	title={Analyzing and relating bug report data for feature tracking},
	author={Fischer, Michael and Pinzger, Martin and Gall, Harald},
	year={2003},
	publisher={IEEE}
}

@inproceedings{fischer2003populating,
	title={Populating a release history database from version control and bug tracking systems},
	author={Fischer, Michael and Pinzger, Martin and Gall, Harald},
	booktitle={Software Maintenance, 2003. ICSM 2003. Proceedings. International Conference on},
	pages={23--32},
	year={2003},
	organization={IEEE}
}

@article{seaman2011measuring,
	title={Measuring and monitoring technical debt},
	author={Seaman, Carolyn and Guo, Yuepu},
	journal={Advances in Computers},
	volume={82},
	pages={25--46},
	year={2011},
	publisher={Academic Press}
}

@book{sterling2010managing,
	title={Managing Software Debt: Building for Inevitable Change},
	author={Sterling, C.},
	isbn={9780321700551},
	url={https://books.google.ca/books?id=LYQlOaRwpnEC},
	year={2010},
	publisher={Pearson Education}
}

@ARTICLE{Kruchten_td_IEEE, 
	author={P. Kruchten and R. L. Nord and I. Ozkaya}, 
	journal={IEEE Software}, 
	title={Technical Debt: From Metaphor to Theory and Practice}, 
	year={2012}, 
	volume={29}, 
	number={6}, 
	pages={18-21}, 
	keywords={Investments;Risk management;Software maintenance;Software quality;Sofware testing;evolvability;maintainability;refactoring;software quality;technical debt}, 
	doi={10.1109/MS.2012.167}, 
	ISSN={0740-7459}, 
	month={Nov},}

@InProceedings{MTD15p9,
title={Detecting and quantifying different types of self-admitted technical debt},
author={Maldonado, Everton da S and Shihab, Emad},
booktitle={ IEEE 7th International Workshop on Managing Technical Debt (MTD), 2015},
pages={9--15},
year={2015},
organization={IEEE}
}

@article{kruchten2013technical,
	title={Technical debt: towards a crisper definition report on the 4th international workshop on managing technical debt},
	author={Kruchten, Philippe and Nord, Robert L and Ozkaya, Ipek and Falessi, Davide},
	journal={ACM SIGSOFT Software Engineering Notes},
	volume={38},
	number={5},
	pages={51--54},
	year={2013},
	publisher={ACM}
}

@inproceedings{Zazworka:2013,
	author = {Zazworka, Nico and Sp\'{\i}nola, Rodrigo O. and Vetro', Antonio and Shull, Forrest and Seaman, Carolyn},
	title = {A Case Study on Effectively Identifying Technical Debt},
	booktitle = {Proceedings of the 17th International Conference on Evaluation and Assessment in Software Engineering},
	year = {2013},
	pages = {42--47},
	numpages = {6}
	
}


@article{mann1947test,
	title={On a test of whether one of two random variables is stochastically larger than the other},
	author={Mann, Henry B and Whitney, Donald R},
	journal={The annals of mathematical statistics},
	pages={50--60},
	year={1947},
	publisher={JSTOR}
}


@inproceedings{spinola2013investigating,
	title={Investigating technical debt folklore: Shedding some light on technical debt opinion},
	author={Sp{\'\i}nola, Rodrigo O and Zazworka, Nico and Vetr{\`o}, Antonio and Seaman, Carolyn and Shull, Forrest},
	booktitle={Proceedings of the 4th International Workshop on Managing Technical Debt},
	pages={1--7},
	year={2013},
	organization={IEEE Press}
}

@article{Lawrie2007c,
	
	author = {Lawrie, Dawn and Morrell, Christopher and Feild, Henry and Binkley, David},
	journal = {Innovations in Systems and Software Engineering},
	keywords = {program_comprehension identifiers},
	number = 4,
	pages = {303-318},
	title = {Effective identifier names for comprehension and memory},
	volume = 3,
	year = 2007
}




@inproceedings{lawrie2006leveraged,
	title={Leveraged quality assessment using information retrieval techniques},
	author={Lawrie, Dawn J and Feild, Henry and Binkley, David},
	booktitle={Program Comprehension, 2006. ICPC 2006. 14th IEEE International Conference on},
	pages={149--158},
	year={2006},
	organization={IEEE}
}


@article{TakangGM96,
	
	author = {Takang, Armstrong A. and Grubb, Penny A. and Macredie, Robert D.},
	date = {2004-01-09},
	journal = {J. Prog. Lang.},
	number = 3,
	pages = {143-167},
	title = {The effects of comments and identifier names on program comprehensibility: an experimental investigation.},
	volume = 4,
	year = 1996
}

@article{DeLucia2011,
	
	author = {De Lucia, A. and Di Penta, M. and Oliveto, R.},
	
	journal = {IEEE Transactions on Software Engineering},
	
	number = 2,
	pages = {205--227},
	
	title = {Improving Source Code Lexicon via Traceability and Information Retrieval},
	volume = 37,
	year = 2011
}


@article{ozkaya2011managing,
	title={Managing technical debt in software development: report on the 2nd international workshop on managing technical debt, held at ICSE 2011},
	author={Ozkaya, Ipek and Kruchten, Philippe and Nord, Robert L and Brown, Nanette},
	journal={ACM SIGSOFT Software Engineering Notes},
	volume={36},
	number={5},
	pages={33--35},
	year={2011},
	publisher={ACM}
}


@online{cloc,
	author = {Al Danial},
	title = {CLOC - Count Lines of Code},
	date = {2015-06-27},
	url = {http://cloc.sourceforge.net/},
}

@article{mockus2000predicting,
	title={Predicting risk of software changes},
	author={Mockus, Audris and Weiss, David M},
	journal={Bell Labs Technical Journal},
	volume={5},
	number={2},
	pages={169--180},
	year={2000},
	publisher={Alcatel-Lucent}
}

@inproceedings{alves2014towards,
	title={Towards an ontology of terms on technical debt},
	author={Alves, Nicolli SR and Ribeiro, Leilane F and Caires, Vivyane and Mendes, Thiago S and Spinola, Rodrigo O},
	booktitle={Managing Technical Debt (MTD), 2014 Sixth International Workshop on},
	pages={1--7},
	year={2014},
	organization={IEEE}
}


@article{eick2001decay,
author={S. G. Eick and T. L. Graves and A. F. Karr and J. S. Marron and A. Mockus}, 
journal={IEEE Transactions on Software Engineering}, 
title={Does code decay? Assessing the evidence from change management data}, 
year={2001}, 
volume={27}, 
number={1}, 
pages={1-12}, 
keywords={management of change;software maintenance;software metrics;statistical analysis;change management data;code decay;data set;large software systems evolution;perfective maintenance;risk factors;software maintenance;software measurements;statistical analysis;telephone switching system;Computer Society;Hardware;History;Operating systems;Software maintenance;Software measurement;Software systems;Statistical analysis;Switching systems;Telephony}, 
doi={10.1109/32.895984}, 
ISSN={0098-5589}, 
month={Jan},
}

@inbook{Zimmerman2008Springer,
	title = {Predicting Bugs from History},
	author = {Thomas Zimmermann and Nachiappan Nagappan and Andreas Zeller},
	year = {2008},
	month = {February},
	booktitle = {Software Evolution},
	chapter = {Predicting Bugs from History},
	editors = {Tom Mens and Serge Demeyer},
	pages = {69--88},
	publisher = {Springer},
	ISBN = {9783540764397},
}


@article{xia2015elblocker,
	title={ELBlocker: Predicting blocking bugs with ensemble imbalance learning},
	author={Xia, Xin and Lo, David and Shihab, Emad and Wang, Xinyu and Yang, Xiaohu},
	journal={Information and Software Technology},
	volume={61},
	pages={93--106},
	year={2015},
	publisher={Elsevier}
}

@inproceedings{fontana2013code,
author={F. A. Fontana and M. Zanoni and A. Marino and M. V. Mäntylä}, 
booktitle={2013 IEEE International Conference on Software Maintenance}, 
title={Code Smell Detection: Towards a Machine Learning-Based Approach}, 
year={2013}, 
pages={396-399}, 
keywords={learning (artificial intelligence);pattern classification;program diagnostics;classification;code smell detection tools;machine learning-based approach;Accuracy;Conferences;Detectors;Labeling;Machine learning algorithms;Measurement;Software;code smells detection;machine learning techniques}, 
doi={10.1109/ICSM.2013.56}, 
ISSN={1063-6773}, 
month={Sept}
}

@article{Maldonado_TSE2017,
	title={Using Natural Language Processing to Automatically Detect Self-Admitted Technical Debt},
	author={Maldonado, Everton and Shihab, Emad and Tsantalis, Nikolaos},
	journal={IEEE Transactions on Software Engineering (TSE)},
	year={2017}, 
	pages={To Appear}, 
	publisher={IEEE}
}

@inproceedings{bavota2016large,
	title={A large-scale empirical study on self-admitted technical debt},
	author={Bavota, Gabriele and Russo, Barbara},
	booktitle={Proceedings of the 13th International Conference on Mining Software Repositories},
	pages={315--326},
	year={2016},
	organization={ACM}
}

@inproceedings{valdivia2014characterizing,
	title={Characterizing and predicting blocking bugs in open source projects},
	author={Valdivia Garcia, Harold and Shihab, Emad},
	booktitle={Proceedings of the 11th Working Conference on Mining Software Repositories},
	pages={72--81},
	year={2014},
	organization={ACM}
}


